% Encoding: UTF-8
@BOOK{Claerbout1985,
  title = {Imaging the Earth's Interior},
  publisher = {Blackwell Scientific Publications},
  year = {1985},
  author = {Jon F. Claerbout},
  owner = {MartinHansen},
  timestamp = {2010.03.25},
  url = {http://sepwww.stanford.edu/data/media/public/sep/prof/iei2/}
}

@BOOK{Margrave2003,
  title = {Numerical Methods in Exploration Seismology - with algorithms in
	{M}atlab},
  publisher = {University of Calgary},
  year = {2003},
  author = {Gary M. Margrave},
  owner = {MartinHansen},
  timestamp = {2010.02.02},
  url = {http://www.crewes.org/ResearchLinks/FreeSoftware/NumMeth.pdf}
}

@ARTICLE{Olofsson2010,
  author = {Tomas Olofsson},
  title = {Phase Shift Migration for Imaging Layered Objects and Objects Immersed
	in Water},
  journal = {IEEE Trans. Ultrason., Ferroelectr., Freq. Control},
  year = {2010},
  volume = {57},
  pages = {2522-2530},
  number = {11},
  month = {November},
  owner = {MartinHansen},
  timestamp = {2010.03.24}
}

@ARTICLE{Stepinski2007,
  author = {Tadeusz Stepinski},
  title = {An Implementation of Synthetic Aperture Focusing Technique in Frequency
	Domain},
  journal = {IEEE Trans. Ultrason., Ferroelectr., Freq. Control},
  year = {2007},
  volume = {54},
  pages = {1399-1408},
  number = {7},
  month = {July},
  owner = {MartinHansen},
  timestamp = {2009.09.07}
}

@ARTICLE{Skjelvareid2011a,
  author = {Martin H. Skjelvareid and Tomas Olofsson and Yngve Birkelund and
	Yngvar Larsen},
  title = {Synthetic Aperture Focusing of Ultrasonic Data From Multilayered
	Media Using an Omega-K Algorithm},
  journal = {IEEE Trans. Ultrason., Ferroelectr., Freq. Control},
  year = {2011},
  volume = {58},
  pages = {1037-1048},
  number = {5},
  month = {May},
  doi = {10.1109/TUFFC.2011.1904},
  owner = {martinha},
  timestamp = {2011.04.08}
}


@misc{fidgit,
  author = {A. M. Smith and K. Thaney and M. Hahnel},
  title = {Fidgit: An ungodly union of GitHub and Figshare},
  year = {2020},
  publisher = {GitHub},
  journal = {GitHub repository},
  url = {https://github.com/arfon/fidgit}
}
@PhdThesis{Skjelvareid2012,
  author = {Martin H. Skjelvareid},
  school = {UiT - the Arctic University of Norway},
  title  = {Synthetic aperture ultrasound imaging with application to interior pipe inspection},
  year   = {2012},
  url    = {https://hdl.handle.net/10037/4649},
}

@Comment{jabref-meta: databaseType:bibtex;}
